
@misc{SteveInvFormula,
author={Steven Rayan},
title={Personal Communication},
note={May 12, 2021}
}

@thesis{Mahmud2021,
title={Quantum Information Through Topological Quantum Field Theories},
author={Mahmud Azam},
note={MSc thesis, Dept. of Math. and Stat., Univ. of Saskatchewan},
year={2021}
}

@article{Atiyah2,
  title={An Introduction to Topological Quantum Field Theories},
  author={Michael F. Atiyah},
  year={1997},
  journal={Tr. J. of Mathematics},
  volume={21},
  pages={1-7}
}

@misc{CatQChan,
title={Categories of Quantum and Classical Channels},
author={Bob Coecke and Chris Heunen and Aleks Kissinger},
year={2014},
eprint={1305.3821},
archivePrefix={arXiv},
primaryClass={quant-ph}
}

@misc{NonCommTQFT,
title={Frobenius algebras and planar open string topological field theories},
author={Aaron D. Lauda},
year={2005},
archivePrefix={arXiv},
eprint={0508349},
primaryClass={math.QA}
}

@book{sheaves,
title={Sheaves in Geometry and Logic},
subtitle={A First Introduction to Topos Theory},
author={Saunders Mac Lane and Ieke Moerdijk},
publisher={Springer Verlag-New York, Inc.},
year={1992}
}

@misc{SymMonBicat,
title={Constructing symmetric monoidal bicategories},
author={Michael A. Shulman},
year={2010},
eprint={1004.0993},
archivePrefix={arXiv},
primaryClass={math.CT}
}

@book{NonSemiSimp,
title={Non-Semisimple Topological Quantum Field Theories for 3-Manifolds with
      Corners},
author={Thomas Kerler and Volodymyr V. Lyubashenko},
volume={1765},
year={2001},
publisher={Springer-Verlag Berlin Heidelberg}
}

@misc{Mathcha,
title={Mathcha Editor},
author={Bui Duc Nha},
url={https://www.mathcha.io/}
}

@misc{tikzcdeditor,
title={tikzcd-editor},
author={Yichuan Shen},
url={https://tikzcd.yichuanshen.de/}
}

@thesis{PcLinTop,
author={James Robert Dover},
title={Equivariant Piecewise-Linear Topology and Combinatorial Applications},
school={University of Oklahoma},
year={2011}
}

@misc{Conn,
author={Hessel Posthuma},
title={Lecture 5},
subtitle={Vector Bundles, Connections and Curvature},
year={2018},
url={https://staff.fnwi.uva.nl/h.b.posthuma/Lecture5.pdf}
}

@article{ModOp,
title={Modular operads},
volume={110},
DOI={10.1023/A:1000245600345},
number={1},
journal={Compositio Mathematica},
publisher={London Mathematical Society},
author={Getzler, E. and Kapranov, M. M.},
year={1998},
pages={65 -- 125}
}

@article{WhatOp,
title={What Is ... an Operad?},
author={Jim Stasheff},
journal={Notices of the American Mathematical Society},
volume={51},
number={6}
}

@article{Giansiracusa,
title={Moduli spaces and modular operads},
author={Jeffrey Giansiracusa},
journal={Morfismos},
volume={17},
number={2},
pages={101 -- 125},
year={2013}
}

@misc{CobOp,
  title={A cobordism category attached to Khovanov-Rozansky link homologies based on operads}, 
  author={Gisa Sch\"{a}fer and Yasuyoshi Yonezawa},
  year={2019},
  eprint={1902.10378},
  archivePrefix={arXiv},
  primaryClass={math.GT}
}
