
@misc{SteveInvFormula,
author={Steven Rayan},
title={Personal Communication},
note={May 12, 2021}
}

@book{LT17,
author={Loring W. Tu},
title={Differential Geometry},
subtitle={Connections, Curvature, and Characteristic Classes},
year={2017},
series={GTM},
volume={275},
publisher={Springer}
}

@thesis{Mahmud2021,
title={Quantum Information Through Topological Quantum Field Theories},
author={Mahmud Azam},
note={MSc thesis, Dept. of Math. and Stat., Univ. of Saskatchewan},
year={2021}
}

@article{Atiyah2,
  title={An Introduction to Topological Quantum Field Theories},
  author={Michael F. Atiyah},
  year={1997},
  journal={Tr. J. of Mathematics},
  volume={21},
  pages={1-7}
}

@article{CatQChan,
title={Categories of Quantum and Classical Channels},
author={Bob Coecke and Chris Heunen and Aleks Kissinger},
year={2014},
journal={Quantum Information Processing},
volume={15},
pages={5179 -- 5209}
}

@misc{NonCommTQFT,
title={Frobenius algebras and planar open string topological field theories},
author={Aaron D. Lauda},
year={2005},
archivePrefix={arXiv},
eprint={0508349},
primaryClass={math.QA}
}

@book{sheaves,
title={Sheaves in Geometry and Logic},
subtitle={A First Introduction to Topos Theory},
author={Saunders Mac Lane and Ieke Moerdijk},
publisher={Springer Verlag-New York, Inc.},
year={1992}
}

@article{SymMonBicat,
title={Constructing symmetric monoidal bicategories},
author={Michael A. Shulman},
year={2010},
eprint={1004.0993},
archivePrefix={arXiv},
journal={{\emph{10.48550/ARXIV.1004.0993}}},
primaryClass={math.CT}
}

@book{NonSemiSimp,
title={Non-Semisimple Topological Quantum Field Theories for 3-Manifolds with
      Corners},
author={Thomas Kerler and Volodymyr V. Lyubashenko},
volume={1765},
year={2001},
publisher={Springer-Verlag Berlin Heidelberg}
}

@misc{Mathcha,
title={Mathcha Editor},
author={Bui Duc Nha},
url={https://www.mathcha.io/}
}

@misc{tikzcdeditor,
title={tikzcd-editor},
author={Yichuan Shen},
url={https://tikzcd.yichuanshen.de/}
}

@thesis{PcLinTop,
author={James Robert Dover},
title={Equivariant Piecewise-Linear Topology and Combinatorial Applications},
school={University of Oklahoma},
year={2011}
}

@misc{Conn,
author={Hessel Posthuma},
title={Lecture 5},
subtitle={Vector Bundles, Connections and Curvature},
year={2018},
url={https://staff.fnwi.uva.nl/h.b.posthuma/Lecture5.pdf}
}

@article{ModOp,
title={Modular operads},
volume={110},
DOI={10.1023/A:1000245600345},
number={1},
journal={Compositio Mathematica},
publisher={London Mathematical Society},
author={Getzler, E. and Kapranov, M. M.},
year={1998},
pages={65 -- 125}
}

@article{WhatOp,
title={What is...an operad?},
author={Jim Stasheff},
journal={Notices of the American Mathematical Society},
volume={51},
number={6},
year={2004}
}

@article{Giansiracusa,
title={Moduli spaces and modular operads},
author={Jeffrey Giansiracusa},
journal={Morfismos},
volume={17},
number={2},
pages={101 -- 125},
year={2013}
}

@article{CobOp,
  title={A cobordism category attached to {K}hovanov-{R}ozansky link homologies based on operads}, 
  author={Gisa Sch\"{a}fer and Yasuyoshi Yonezawa},
  journal={{\emph{arXiv:1902.10378}}},
  archivePrefix={arXiv},
  primaryClass={math.GT}
}

@article {DM,
    AUTHOR = {Dumitrescu, Olivia and Mulase, Motohico},
     TITLE = {Edge contraction on dual ribbon graphs and 2{D} {TQFT}},
   JOURNAL = {J. Algebra},
  FJOURNAL = {Journal of Algebra},
    VOLUME = {494},
      YEAR = {2018},
     PAGES = {1--27},
      ISSN = {0021-8693},
   MRCLASS = {14N35 (14H10 14N10 53D37 57R56 81T45 94C15)},
  MRNUMBER = {3723168},
MRREVIEWER = {Piotr Su\l kowski},
       DOI = {10.1016/j.jalgebra.2017.09.027},
       URL = {https://doi.org/10.1016/j.jalgebra.2017.09.027},
}

@article {HN1,
    AUTHOR = {Nakajima, Hiraku},
     TITLE = {Instantons on {ALE} spaces, quiver varieties, and
              {K}ac-{M}oody algebras},
   JOURNAL = {Duke Math. J.},
  FJOURNAL = {Duke Mathematical Journal},
    VOLUME = {76},
      YEAR = {1994},
    NUMBER = {2},
     PAGES = {365--416},
      ISSN = {0012-7094},
   MRCLASS = {53C25 (17B67 58D27 58E15)},
  MRNUMBER = {1302318},
MRREVIEWER = {Andrew Dancer},
       DOI = {10.1215/S0012-7094-94-07613-8},
       URL = {https://doi.org/10.1215/S0012-7094-94-07613-8},
}

@article {HN2,
    AUTHOR = {Nakajima, Hiraku},
     TITLE = {Quiver varieties and finite-dimensional representations of
              quantum affine algebras},
   JOURNAL = {J. Amer. Math. Soc.},
  FJOURNAL = {Journal of the American Mathematical Society},
    VOLUME = {14},
      YEAR = {2001},
    NUMBER = {1},
     PAGES = {145--238},
      ISSN = {0894-0347},
   MRCLASS = {17B37 (14D21)},
  MRNUMBER = {1808477},
MRREVIEWER = {Olivier G. Schiffmann},
       DOI = {10.1090/S0894-0347-00-00353-2},
       URL = {https://doi.org/10.1090/S0894-0347-00-00353-2},
}

@article {CKL,
    AUTHOR = {Cautis, Sabin and Kamnitzer, Joel and Licata, Anthony},
     TITLE = {Coherent sheaves on quiver varieties and categorification},
   JOURNAL = {Math. Ann.},
  FJOURNAL = {Mathematische Annalen},
    VOLUME = {357},
      YEAR = {2013},
    NUMBER = {3},
     PAGES = {805--854},
      ISSN = {0025-5831},
   MRCLASS = {14F05 (17B67)},
  MRNUMBER = {3118615},
MRREVIEWER = {Gwyn Bellamy},
       DOI = {10.1007/s00208-013-0921-6},
       URL = {https://doi.org/10.1007/s00208-013-0921-6},
}

@article{KFH,
	title = {Hyperbolic lattices in circuit quantum electrodynamics},
	volume = {571},
	issn = {0028-0836, 1476-4687},
	url = {http://arxiv.org/abs/1802.09549},
	doi = {10.1038/s41586-019-1348-3},
	number = {7763},
	journal = {Nature},
	author = {Koll{\'a}r, Alicia J. and Fitzpatrick, Mattias and Houck, Andrew A.},
	month = jul,
	year = {2019},
	note = {arXiv: 1802.09549},
	keywords = {Condensed Matter - Mesoscale and Nanoscale Physics, Quantum Physics},
	pages = {45--50},
}

@article{MR1,
	title = {Hyperbolic band theory},
	volume = {7},
	url = {https://www.science.org/doi/10.1126/sciadv.abe9170},
	doi = {10.1126/sciadv.abe9170},
	number = {36},
	journal = {Science Advances},
	author = {Maciejko, Joseph and Rayan, Steven},
	month = sep,
	year = {2021},
	keywords = {Condensed Matter - Mesoscale and Nanoscale Physics, High Energy Physics - Theory, Mathematical Physics, Mathematics - Algebraic Geometry, Quantum Physics},
	pages = {abe9170},
}

@article {MR2,
    AUTHOR = {Maciejko, Joseph and Rayan, Steven},
     TITLE = {Automorphic {B}loch theorems for hyperbolic lattices},
   JOURNAL = {Proc. Natl. Acad. Sci. USA},
  FJOURNAL = {Proceedings of the National Academy of Sciences of the United
              States of America},
    VOLUME = {119},
      YEAR = {2022},
    NUMBER = {9},
     PAGES = {e2116869119, 12},
      ISSN = {0027-8424},
   MRCLASS = {81Q35 (30F10 82B20)},
  MRNUMBER = {4417575},
}

@article{KR,
title = {Hyperbolic band theory through {H}iggs bundles},
journal = {Adv. Math.},
fjournal = {Advances in Mathematics},
volume = {409},
pages = {108664},
year = {2022},
issn = {0001-8708},
doi = {https://doi.org/10.1016/j.aim.2022.108664},
url = {https://www.sciencedirect.com/science/article/pii/S0001870822004819},
author = {Elliot Kienzle and Steven Rayan}
}

@book{JY15,
title={A Foundation for PROPs, Algebras, and Modules},
author={Donald Yau and Mark W. Johnson},
publisher={AMS},
series={Mathematical Surveys and Monographs},
volume={203},
year={2015}
}

@article{MacLane65,
title={Categorical Algebra},
author={Saunders Mac Lane},
journal={Bull. Amer. Math. Soc.},
volume={71},
year={1965},
pages={40--106}
}

