
@misc{channels,
  title={Categories of Quantum and Classical Channels},
  author={Bob Coecke and Chris Heunen and Aleks Kissinger},
  year={2014},
  eprint={1305.3821},
  archivePrefix={arXiv},
  primaryClass={quant-ph}
}

@misc{cqshannon,
  title={From Classical to Quantum Shannon Theory},
  author={Mark M. Wilde},
  year={2019},
  publisher={Cambridge University Press},
  eprint={1106.1445v8},
  archivePrefix={arXiv},
  primaryClass={quant-ph}
}

@article{Atiyah1,
  title={Topological Quantum Field Theories},
  author={Michael F. Atiyah},
  year={1988},
  journal={Publications math\'emathiques de l'I.H.\'E.S.},
  volume={68},
  pages={175-186}
}

@article{Atiyah2,
  title={An Introduction to Topological Quantum Field Theories},
  author={Michael F. Atiyah},
  year={1997},
  journal={Tr. J. of Mathematics},
  volume={21},
  pages={1-7}
}

@misc{Corominas,
  title={Topological Quantum Field Theories},
  subtitle={Towards the Cobordism Hypothesis},
  author={Roderic Guig\'o i Corominas},
  year={2015},
  school={University of Barcelona},
  url={https://core.ac.uk/reader/43549880}
}

@misc{Jorge,
  title={Two Dimensional TQFTs},
  author={Jorge Ant\'onio},
  url={https://www.math.tecnico.ulisboa.pt/~ggranja/jorge.pdf}
}

@misc{MayTQFT,
  title={Notes on Atiyah's TQFTs},
  author={J. P. May},
  url={https://www.math.uchicago.edu/~may/MISC/TopQFTNotes.pdf}
}

@book{CWM,
  author={Saunders Mac Lane},
  title={Categories for the Working Mathematician},
  year={1998},
  publisher={Springer Science +Business Media, New York}
}

@article{collar,
  author={Morton Brown},
  title={Locally Flat Imbeddings of Topological Manifolds},
  journal={Annals of Mathematics},
  month={March},
  year={1962},
  volume={75},
  number={2}
}

@misc{Colims,
  author={David White},
  title={On Colimits in Various Categories of Manifolds},
  url={https://personal.denison.edu/~whiteda/files/Expository/On%20Colimits%20in%20Various%20Categories%20of%20Manifolds.pdf}
}

@book{MilnorDiff,
  author={John Milnor},
  title={Topology from the Differential Viewpoint},
  year={1965},
  publisher={The University Press of Virginia}
}

@misc{RayanCor1,
  author={Steven Rayan},
  howpublished={Personal Correspondence},
  date={2021-01-26}
}

@misc{NonCommTQFT,
  title={Frobenius algebras and planar open string topological field theories},
  author={Aaron D. Lauda},
  year={2005},
  archivePrefix={arXiv},
  eprint={0508349},
  primaryClass={math.QA}
}

@misc{KockFA,
  title={Frobenius algebras and 2D topological quantum field theories},
  author={Joachim Kock},
  year={2002},
  month={January},
  institution={Recife Summer School, Universit\'{e} de Nice Sophia-Antipolis},
  url={https://mat.uab.cat/~kock/TQFT/FS.pdf}
}

